<record><leader>00000cas a22000007a 4500</leader><controlfield tag="001">16637869</controlfield><controlfield tag="008">870903c19419999ohuwr ne      0   a0eng  </controlfield><datafield ind1=" " ind2=" " tag="010"><subfield code="a">sn 87075028 </subfield></datafield><datafield ind1=" " ind2=" " tag="040"><subfield code="a">ONP</subfield><subfield code="b">eng</subfield><subfield code="c">ONP</subfield><subfield code="d">OCLCQ</subfield><subfield code="d">DLC</subfield><subfield code="d">OCLCF</subfield><subfield code="d">DLC</subfield></datafield><datafield ind1=" " ind2=" " tag="012"><subfield code="l">1</subfield></datafield><datafield ind1="1" ind2=" " tag="022"><subfield code="a">2332-4945</subfield><subfield code="2">1</subfield></datafield><datafield ind1=" " ind2=" " tag="037"><subfield code="b">Deb Hutmire / Perry County Tribune, 399 Lincoln Park Drive, Suite A, P.O. Box 312, New Lexington, Ohio 43764</subfield><subfield code="c">$1.00 (single issue)</subfield><subfield code="c">$32.00 (26 weeks)</subfield><subfield code="c">$42.00 (52 weeks)</subfield></datafield><datafield ind1=" " ind2=" " tag="042"><subfield code="a">pcc</subfield><subfield code="a">nsdp</subfield></datafield><datafield ind1="1" ind2="0" tag="050"><subfield code="a">ISSN RECORD</subfield></datafield><datafield ind1="1" ind2="0" tag="082"><subfield code="a">071</subfield><subfield code="2">23</subfield></datafield><datafield ind1="0" ind2=" " tag="130"><subfield code="a">Perry County tribune (New Lexington, Ohio : 1941)</subfield></datafield><datafield ind1=" " ind2="4" tag="222"><subfield code="a">The Perry County tribune</subfield><subfield code="b">(New Lexington, Ohio. 1941)</subfield></datafield><datafield ind1="1" ind2="4" tag="245"><subfield code="a">The Perry County tribune.</subfield></datafield><datafield ind1="1" ind2="7" tag="246"><subfield code="a">Perry County tribune, the Crooksville-Roseville messenger, the Buckeye Lake and Thornville news</subfield><subfield code="f">July 14, 1971-Jan. 30, 1974</subfield></datafield><datafield ind1="1" ind2="7" tag="246"><subfield code="a">Tribune-messenger-news</subfield><subfield code="f">Feb. 6, 1974-Sept. 7, 1977</subfield></datafield><datafield ind1="1" ind2="7" tag="246"><subfield code="a">Tribune-messenger-news-press</subfield><subfield code="f">Sept. 14, 1977-Nov. 30, 1977</subfield></datafield><datafield ind1=" " ind2=" " tag="260"><subfield code="a">New Lexington, Ohio :</subfield><subfield code="b">Ronald T. Shoup,</subfield><subfield code="c">1941-</subfield></datafield><datafield ind1="3" ind2=" " tag="260"><subfield code="3">&lt;2013-&gt;:</subfield><subfield code="a">New Lexington, Ohio :</subfield><subfield code="b">Deb Hutmire :</subfield><subfield code="b">Perry County Tribune</subfield></datafield><datafield ind1=" " ind2=" " tag="300"><subfield code="a">v.</subfield></datafield><datafield ind1=" " ind2=" " tag="310"><subfield code="a">Weekly</subfield></datafield><datafield ind1="0" ind2=" " tag="362"><subfield code="a">Vol. 1, no. 1 (Mar. 14, 1941)-</subfield></datafield><datafield ind1=" " ind2=" " tag="500"><subfield code="a">Title from caption.</subfield></datafield><datafield ind1=" " ind2=" " tag="580"><subfield code="a">Absorbed: Crooksville-Roseville messenger, and: Buckeye Lake-Thornville news, and: Somerset press, Sept. 14, 1977.</subfield></datafield><datafield ind1=" " ind2=" " tag="588"><subfield code="a">Latest issue consulted: Vol. 121, no. 120 (Oct. 2, 2013).</subfield></datafield><datafield ind1=" " ind2="0" tag="651"><subfield code="a">New Lexington (Perry County, Ohio)</subfield><subfield code="v">Newspapers.</subfield></datafield><datafield ind1=" " ind2="0" tag="651"><subfield code="a">Perry County (Ohio)</subfield><subfield code="v">Newspapers.</subfield></datafield><datafield ind1=" " ind2="7" tag="651"><subfield code="a">Ohio</subfield><subfield code="z">New Lexington (Perry County)</subfield><subfield code="2">fast</subfield><subfield code="0">(OCoLC)fst01312431</subfield></datafield><datafield ind1=" " ind2="7" tag="651"><subfield code="a">Ohio</subfield><subfield code="z">Perry County.</subfield><subfield code="2">fast</subfield><subfield code="0">(OCoLC)fst01222016</subfield></datafield><datafield ind1=" " ind2="7" tag="655"><subfield code="a">Newspapers.</subfield><subfield code="2">fast</subfield><subfield code="0">(OCoLC)fst01423814</subfield></datafield><datafield ind1=" " ind2=" " tag="752"><subfield code="a">United States</subfield><subfield code="b">Ohio</subfield><subfield code="c">Perry</subfield><subfield code="d">New Lexington.</subfield></datafield><datafield ind1="1" ind2="5" tag="780"><subfield code="t">Somerset press (Somerset, Ohio : 1873)</subfield><subfield code="x">2379-3112</subfield><subfield code="w">(DLC)sn 85038088</subfield><subfield code="w">(OCoLC)11701574</subfield></datafield><datafield ind1="1" ind2="5" tag="780"><subfield code="t">Crooksville-Roseville messenger</subfield><subfield code="w">(DLC)sn 89076243</subfield><subfield code="w">(OCoLC)20764666</subfield></datafield><datafield ind1="1" ind2="5" tag="780"><subfield code="t">Buckeye Lake-Thornville news</subfield></datafield><datafield ind1="4" ind2="2" tag="856"><subfield code="u">http://www.perrydaily.com</subfield></datafield><datafield ind1="1" ind2=" " tag="029"><subfield code="a">AU@</subfield><subfield code="b">000025799866</subfield></datafield></record>